<record><leader>00000cas a2200000 a 4500</leader><controlfield tag="001">21377352</controlfield><controlfield tag="008">900414d19901990ilumr ne      0   a0eng c</controlfield><datafield ind1=" " ind2=" " tag="010"><subfield code="a">sn 93057071 </subfield></datafield><datafield ind1=" " ind2=" " tag="040"><subfield code="a">KAI</subfield><subfield code="b">eng</subfield><subfield code="c">KAI</subfield><subfield code="d">NVF</subfield><subfield code="d">OCLCQ</subfield><subfield code="d">NVF</subfield><subfield code="d">OCLCO</subfield></datafield><datafield ind1=" " ind2=" " tag="042"><subfield code="a">pcc</subfield></datafield><datafield ind1=" " ind2=" " tag="043"><subfield code="a">n-us-il</subfield></datafield><datafield ind1=" " ind2=" " tag="090"><subfield code="a">F548.68.L8</subfield><subfield code="b">S6</subfield></datafield><datafield ind1="0" ind2="0" tag="245"><subfield code="a">SoLoPaper.</subfield></datafield><datafield ind1="3" ind2=" " tag="246"><subfield code="a">SoLo paper</subfield></datafield><datafield ind1="3" ind2=" " tag="246"><subfield code="a">So Lo paper</subfield></datafield><datafield ind1="3" ind2=" " tag="246"><subfield code="a">SouthLoopPaper</subfield></datafield><datafield ind1="3" ind2=" " tag="246"><subfield code="a">South Loop paper</subfield></datafield><datafield ind1=" " ind2=" " tag="260"><subfield code="a">Chicago, IL :</subfield><subfield code="b">New City Communications</subfield></datafield><datafield ind1=" " ind2=" " tag="300"><subfield code="a">volumes</subfield></datafield><datafield ind1=" " ind2=" " tag="310"><subfield code="a">Monthly</subfield></datafield><datafield ind1="1" ind2=" " tag="362"><subfield code="a">Began in Jan. 1990?</subfield></datafield><datafield ind1="0" ind2=" " tag="362"><subfield code="a">-v. 5, no. 120 (Dec. 1990).</subfield></datafield><datafield ind1="4" ind2=" " tag="521"><subfield code="a">"The newspaper of the South Loop/Burnham Park &amp; the Near South Side."</subfield></datafield><datafield ind1=" " ind2=" " tag="588"><subfield code="a">Description based on: Vol. 5, no. 111 (Feb. 1990).</subfield></datafield><datafield ind1=" " ind2="0" tag="650"><subfield code="a">Community newspapers</subfield><subfield code="z">Illinois</subfield><subfield code="z">Chicago.</subfield></datafield><datafield ind1=" " ind2="0" tag="651"><subfield code="a">South Loop (Chicago, Ill.)</subfield><subfield code="v">Newspapers.</subfield></datafield><datafield ind1=" " ind2="0" tag="651"><subfield code="a">Near South Side (Chicago, Ill.)</subfield><subfield code="v">Newspapers.</subfield></datafield><datafield ind1=" " ind2=" " tag="752"><subfield code="a">United States</subfield><subfield code="b">Illinois</subfield><subfield code="c">Cook County</subfield><subfield code="d">Chicago.</subfield></datafield><datafield ind1="0" ind2="0" tag="780"><subfield code="t">New city South Loop</subfield><subfield code="w">(DLC)sn 93057073</subfield><subfield code="w">(OCoLC)27832573</subfield></datafield></record>